@inproceedings{earl2012introspective,
  title={Introspective pushdown analysis of higher-order programs},
  author={Earl, Christopher and Sergey, Ilya and Might, Matthew and Van Horn, David},
  booktitle={Proceedings of the 17th ACM SIGPLAN international conference on Functional programming},
  pages={177--188},
  year={2012},
  organization={ACM}
}

@inproceedings{felleisen1987calculus,
  title={A calculus for assignments in higher-order languages},
  author={Felleisen, Mattias and Friedman, Daniel P},
  booktitle={Proceedings of the 14th ACM SIGACT-SIGPLAN symposium on Principles of programming languages},
  pages={314},
  year={1987},
  organization={ACM}
}

@article{findler2002contracts,
  title={Contracts for higher-order functions},
  author={Findler, Robert Bruce and Felleisen, Matthias},
  journal={ACM SIGPLAN Notices},
  volume={37},
  number={9},
  pages={48--59},
  year={2002},
  publisher={ACM}
}

@inproceedings{flanagan2006hybrid,
  title={Hybrid type checking},
  author={Flanagan, Cormac},
  booktitle={ACM Sigplan Notices},
  volume={41},
  number={1},
  pages={245--256},
  year={2006},
  organization={ACM}
}

@inproceedings{flatt2002composable,
  title={Composable and compilable macros:: you want it when?},
  author={Flatt, Matthew},
  booktitle={ACM SIGPLAN Notices},
  volume={37},
  number={9},
  pages={72--83},
  year={2002},
  organization={ACM}
}

@article{henglein1994dynamic,
  title={Dynamic typing: Syntax and proof theory},
  author={Henglein, Fritz},
  journal={Science of Computer Programming},
  volume={22},
  number={3},
  pages={197--230},
  year={1994},
  publisher={Elsevier}
}

@article{herman2010space,
  title={Space-efficient gradual typing},
  author={Herman, David and Tomb, Aaron and Flanagan, Cormac},
  journal={Higher-Order and Symbolic Computation},
  volume={23},
  number={2},
  pages={167--189},
  year={2010},
  publisher={Springer}
}

@inproceedings{lee2001size,
  title={The size-change principle for program termination},
  author={Lee, Chin Soon and Jones, Neil D and Ben-Amram, Amir M},
  booktitle={ACM SIGPLAN Notices},
  volume={36},
  number={3},
  pages={81--92},
  year={2001},
  organization={ACM}
}

@inproceedings{might2009interprocedural,
  title={Interprocedural dependence analysis of higher-order programs via stack reachability},
  author={Might, Matthew and Prabhu, Tarun},
  booktitle={Proceedings of the 2009 Workshop on Scheme and Functional Programming, Boston, Massachussetts, USA},
  year={2009}
}

@techreport{plt-tr1,
  title       = {Reference: Racket},
  author      = {Matthew Flatt and PLT},
  number      = {PLT-TR-2010-1},
  institution = {PLT Inc.},
  year        = {2010},
  note        = {\url{http://racket-lang.org/tr1/}}
}

@article{sereni2007termination,
  title={Termination analysis and call graph construction for higher-order functional programs},
  author={Sereni, Damien},
  journal={ACM SIGPLAN Notices},
  volume={42},
  number={9},
  pages={71--84},
  year={2007},
  publisher={ACM}
}

@phdthesis{shivers1991control,
  title={Control-flow analysis of higher-order languages},
  author={Shivers, Olin},
  year={1991},
  school={Citeseer}
}

@inproceedings{siek2006gradual,
  title={Gradual typing for functional languages},
  author={Siek, Jeremy G and Taha, Walid},
  booktitle={Scheme and Functional Programming Workshop},
  volume={6},
  pages={81--92},
  year={2006}
}

@incollection{siek2009exploring,
  title={Exploring the design space of higher-order casts},
  author={Siek, Jeremy and Garcia, Ronald and Taha, Walid},
  booktitle={Programming Languages and Systems},
  pages={17--31},
  year={2009},
  publisher={Springer}
}

@inproceedings{siek2010threesomes,
  title={Threesomes, with and without blame},
  author={Siek, Jeremy G and Wadler, Philip},
  booktitle={ACM Sigplan Notices},
  volume={45},
  number={1},
  pages={365--376},
  year={2010},
  organization={ACM}
}

@inproceedings{strickland2012chaperones,
  title={Chaperones and impersonators: run-time support for reasonable interposition},
  author={Strickland, T Stephen and Tobin-Hochstadt, Sam and Findler, Robert Bruce and Flatt, Matthew},
  booktitle={Proceedings of the ACM international conference on Object oriented programming systems languages and applications},
  pages={943--962},
  year={2012},
  organization={ACM}
}

@inproceedings{tobin2012higher,
  title={Higher-order symbolic execution via contracts},
  author={Tobin-Hochstadt, Sam and Van Horn, David},
  booktitle={ACM SIGPLAN Notices},
  volume={47},
  number={10},
  pages={537--554},
  year={2012},
  organization={ACM}
}

@inproceedings{van2010abstracting,
  title={Abstracting abstract machines},
  author={Van Horn, David and Might, Matthew},
  booktitle={ACM Sigplan Notices},
  volume={45},
  number={9},
  pages={51--62},
  year={2010},
  organization={ACM}
}

@incollection{wadler2009well,
  title={Well-typed programs canâ€™t be blamed},
  author={Wadler, Philip and Findler, Robert Bruce},
  booktitle={Programming Languages and Systems},
  pages={1--16},
  year={2009},
  publisher={Springer}
}

@article{weeks2006whole,
  title={Whole-program compilation in MLton},
  author={Weeks, Stephen},
  journal={ML},
  volume={6},
  pages={1--1},
  year={2006}
}
